@article{Cheng2020PanopticDeepLabAS,
  title={Panoptic-DeepLab: A Simple, Strong, and Fast Baseline for Bottom-Up Panoptic Segmentation},
  author={Bowen Cheng and Maxwell D. Collins and Yukun Zhu and Ting Liu and Thomas S. Huang and Hartwig Adam and Liang-Chieh Chen},
  journal={2020 IEEE/CVF Conference on Computer Vision and Pattern Recognition (CVPR)},
  year={2020},
  pages={12472-12482}
}
@article{Kirillov2019PanopticS,
  title={Panoptic Segmentation},
  author={Alexander Kirillov and Kaiming He and Ross B. Girshick and Carsten Rother and Piotr Doll{\'a}r},
  journal={2019 IEEE/CVF Conference on Computer Vision and Pattern Recognition (CVPR)},
  year={2019},
  pages={9396-9405}
}
@misc{afshinea,
  author = {Afshine Amidi, Shervine Amidi },
  title = {A detailed example of how to use data generators with Keras},
  year = {2018},
  publisher = {GitHub},
  journal = {GitHub repository},
  howpublished = {\url{https://github.com/afshinea/keras-data-generator/}},
  commit = {866cce89f7737866acea567b34bc0997f1bc1531}
}
@inproceedings{Tompson2014JointTO,
  title={Joint Training of a Convolutional Network and a Graphical Model for Human Pose Estimation},
  author={Jonathan Tompson and Arjun Jain and Yann LeCun and Christoph Bregler},
  booktitle={NIPS},
  year={2014}
}
@article{Chollet2017XceptionDL,
  title={Xception: Deep Learning with Depthwise Separable Convolutions},
  author={Fran√ßois Chollet},
  journal={2017 IEEE Conference on Computer Vision and Pattern Recognition (CVPR)},
  year={2017},
  pages={1800-1807}
}
@article{He2016DeepRL,
  title={Deep Residual Learning for Image Recognition},
  author={Kaiming He and X. Zhang and Shaoqing Ren and Jian Sun},
  journal={2016 IEEE Conference on Computer Vision and Pattern Recognition (CVPR)},
  year={2016},
  pages={770-778}
}
@article{Howard2017MobileNetsEC,
  title={MobileNets: Efficient Convolutional Neural Networks for Mobile Vision Applications},
  author={Andrew G. Howard and Menglong Zhu and Bo Chen and Dmitry Kalenichenko and Weijun Wang and Tobias Weyand and Marco Andreetto and Hartwig Adam},
  journal={ArXiv},
  year={2017},
  volume={abs/1704.04861}
}
@article{Chen2018DeepLabSI,
  title={DeepLab: Semantic Image Segmentation with Deep Convolutional Nets, Atrous Convolution, and Fully Connected CRFs},
  author={Liang-Chieh Chen and George Papandreou and Iasonas Kokkinos and Kevin P. Murphy and Alan Loddon Yuille},
  journal={IEEE Transactions on Pattern Analysis and Machine Intelligence},
  year={2018},
  volume={40},
  pages={834-848}
}
@incollection{bisong2019tensorflow,
  title={Tensorflow 2.0 and keras},
  author={Bisong, Ekaba},
  booktitle={Building Machine Learning and Deep Learning Models on Google Cloud Platform},
  pages={347--399},
  year={2019},
  publisher={Springer}
}
@article{Cordts2016TheCD,
  title={The Cityscapes Dataset for Semantic Urban Scene Understanding},
  author={Marius Cordts and Mohamed Omran and Sebastian Ramos and Timo Rehfeld and Markus Enzweiler and Rodrigo Benenson and Uwe Franke and Stefan Roth and Bernt Schiele},
  journal={2016 IEEE Conference on Computer Vision and Pattern Recognition (CVPR)},
  year={2016},
  pages={3213-3223}
}
@article{Neuhold2017TheMV,
  title={The Mapillary Vistas Dataset for Semantic Understanding of Street Scenes},
  author={Gerhard Neuhold and Tobias Ollmann and Samuel Rota Bul{\`o} and Peter Kontschieder},
  journal={2017 IEEE International Conference on Computer Vision (ICCV)},
  year={2017},
  pages={5000-5009}
}
@inproceedings{Lin2014MicrosoftCC,
  title={Microsoft COCO: Common Objects in Context},
  author={Tsung-Yi Lin and Michael Maire and Serge J. Belongie and James Hays and Pietro Perona and Deva Ramanan and Piotr Doll{\'a}r and C. Lawrence Zitnick},
  booktitle={ECCV},
  year={2014}
}
@article{Chen2020DevelopmentsIM,
  title={Developments in MLflow: A System to Accelerate the Machine Learning Lifecycle},
  author={Andrew Chen and Andy Chow and Aaron Davidson and Arjun DCunha and Ali Ghodsi and Sue Ann Hong and Andy Konwinski and Clemens Mewald and Siddharth Murching and Tomas Nykodym and Paul Ogilvie and Mani Parkhe and Avesh Singh and Fen Xie and Matei A. Zaharia and Richard Zang and Juntai Zheng and Corey Zumar},
  journal={Proceedings of the Fourth International Workshop on Data Management for End-to-End Machine Learning},
  year={2020}
}
@article{Wilson2021GPUPA,
  title={GPU Prices and Cryptocurrency Returns},
  author={Linus Wilson},
  journal={ERN: Technology (Topic)},
  year={2021}
}